% Encoding: UTF-8

@Article{exampleref,
  author  = {John Smith},
  title   = {A Title Talking About Stuff},
  journal = {Prestigious Journal},
  year    = {2012},
}

@Book{Szeredi2014,
  title     = {The Semantic Web Explained: The Technology and Mathematics behind Web 3.0},
  publisher = {Cambridge University Press},
  year      = {2014},
  author    = {Szeredi, Péter and Lukácsy, Gergely and Benkő, Tamás and Nagy, Zsolt Peter},
  isbn      = {978-0-521-70036-8},
}

@Electronic{Cervo,
  title = {cervo.io species selector},
  url   = {http://www.cervo.io/},
}

@Electronic{SemanticStack,
  author = {W3C},
  title  = {Semantic Web, and Other Technologies to Watch, slide 24},
  url    = {https://www.w3.org/2007/Talks/0130-sb-W3CTechSemWeb/#(24)},
}

@Comment{jabref-meta: databaseType:bibtex;}
